%%
%%   Abstract
%%

@INPROCEEDINGS{Surbiryala2019CloudCH,
  author={Surbiryala, Jayachander and Rong, Chunming},
  booktitle={2019 IEEE Cloud Summit}, 
  title={Cloud Computing: History and Overview}, 
  year={2019},
  volume={},
  number={},
  pages={1-7},
  keywords={History;Evolution;Cloud computing},
  doi={10.1109/CloudSummit47114.2019.00007}
}

@book{rajkumar2011,
  title     = {CLOUD COMPUTING Principles and Paradigms},
  author    = {Rajkumar Buyya and James Broberg and Andrzej Goscinski},
  year      = {2011},
  publisher = {John Wiley \& Sons, Inc},
  address   = {Hoboken, New Jersey}
}

@misc{nistdef,
  author = {Peter Mell and Timothy Grance},
  title = {The NIST Definition of Cloud Computing},
  year = {2011},
  month = {2011-09-28},
  publisher = {Special Publication (NIST SP), National Institute of Standards and Technology, Gaithersburg, MD},
  doi = {https://doi.org/10.6028/NIST.SP.800-145},
  language = {en},
}

@book{jain2023,
  title     = {Linux Containers and Virtualization: Utilizing Rust for Linux Containers, 2nd Edition},
  author    = {Shashank Mohan Jain},
  year      = {2023},
  publisher = {Apress},
  address   = {Bengaluru: India}
}

@inproceedings{dask2015,
author = {Rocklin, Matthew},
year = {2015},
month = {01},
pages = {126-132},
title = {Dask: Parallel Computation with Blocked algorithms and Task Scheduling},
doi = {10.25080/Majora-7b98e3ed-013}
}

@article{deochake2023,
  title={Comparative Study of Virtual Machines and Containers for DevOps Developers},
  author={Saurabh Deochake and Sumit Maheshwari and Ridip De and Anish Grover},
  journal={SSRN Electronic Journal},
  year={2023},
  url={https://arxiv.org/abs/1808.08192}
}

@book{bookofkubernetes,
  title     = {The Book of Kubernetes: A complete guide to Container Orchestration},
  author    = {Alan Hohn},
  year      = {2022},
  publisher = {No Starch Press},
  address   = {San Francisco, CA},
}

@online{osudoc,
  title   = {OMB (OSU Micro-Benchmarks)},
  author  = {Ohio State University},
  url     = {http://mvapich.cse.ohio-state.edu/static/media/mvapich/README-OMB.txt},
  urldate = {2024}
}

@book{Hager2010,
  title     = {Introduction to High Performance Computing for Scientists and Engineers},
  author    = {Georg Hager and Gerhard Wellein},
  year      = {2010},
  publisher = {Taylor \& Francis},
  address   = {Boca Raton, FL},
}


%%
%%  Intro
%%

@article{Surbiryala2019CloudCH,
  title={Cloud Computing: History and Overview},
  author={Jayachander Surbiryala and Chunming Rong},
  journal={2019 IEEE Cloud Summit},
  year={2019},
  pages={1-7},
  url={https://api.semanticscholar.org/CorpusID:214691262}
}

@inproceedings{Ahmad2018CloudC,
  title={Cloud Computing – A Comprehensive Definition},
  author={Ishrat Ahmad and Humayun Bakht and Uday Mohan},
  year={2018},
  url={https://api.semanticscholar.org/CorpusID:53139575}
}
@book{RBuyya2011,
  title     = {CLOUD COMPUTING Principles and Paradigms},
  author    = {Rajkumar Buyya, James Broberg, Andrzej Goscinski},
  year      = {2011},
  publisher = {A John Wiley \& Sons, inc. Pubblication},
  address   = {New Jersey}
}

@misc{nist2011,
  author = {Peter Mell and Timothy Grance},
  title = {The NIST Definition of Cloud Computing},
  year = {2011},
  month = {2011-09-28},
  publisher = {Special Publication (NIST SP), National Institute of Standards and Technology, Gaithersburg, MD},
  doi = {https://doi.org/10.6028/NIST.SP.800-145},
  language = {en},
}

@article{exposito2013,
  title = {Performance analysis of HPC applications in the cloud},
  journal = {Future Generation Computer Systems},
  volume = {29},
  number = {1},
  pages = {218-229},
  year = {2013},
  note = {Including Special section: AIRCC-NetCoM 2009 and Special section: Clouds and Service-Oriented Architectures},
  issn = {0167-739X},
  doi = {https://doi.org/10.1016/j.future.2012.06.009},
  url = {https://www.sciencedirect.com/science/article/pii/S0167739X12001458},
  author = {Roberto R. Expósito and Guillermo L. Taboada and Sabela Ramos and Juan Touriño and Ramón Doallo},
}


@inproceedings{Ghoshal2011,
  title={I/O performance of virtualized cloud environments},
  author={Devarshi Ghoshal and Richard Shane Canon and Lavanya Ramakrishnan},
  booktitle={DataCloud-SC '11},
  year={2011},
  url={https://api.semanticscholar.org/CorpusID:17439479}
}

@inproceedings{Gupta2013,
  title={The who, what, why and how of high performance computing applications in the cloud},
  author={Abhishek K. Gupta and Laxmikant V. Kal{\'e} and Filippo Gioachin and Verdi March and Chun Hui Suen and Bu-Sung Lee and P. Faraboschi and Richard Kaufmann and Dejan S. Milojicic},
  year={2013},
  url={https://api.semanticscholar.org/CorpusID:16711520}
}

@article{Reed2022,
  title={Reinventing High Performance Computing: Challenges and Opportunities},
  author={Daniel A. Reed and Dennis Gannon and Jack J. Dongarra},
  journal={ArXiv},
  year={2022},
  volume={abs/2203.02544},
  url={https://api.semanticscholar.org/CorpusID:247292821}
}

@article{Saini2021,
  title={ENABLE HIGH PERFORMANCE COMPUTING IN CLOUD: A REVIEW},
  author={Reena Saini and Nachiket Sainis},
  journal={International journal of scientific research},
  year={2021},
  pages={44-45},
  url={https://api.semanticscholar.org/CorpusID:236630595}
}

@ARTICLE{Keke2023,
  author={Chen Keke},
  journal={IEEE Internet Computing}, 
  title={Confidential High-Performance Computing in the Public Cloud}, 
  year={2023},
  volume={27},
  number={1},
  pages={24-32},
  doi={10.1109/MIC.2022.3226757}
}


%%
%% Chapter 1
%%

@article{Casalicchio2020TheSI,
  title={The state-of-the-art in container technologies: Application, orchestration and security},
  author={Emiliano Casalicchio and Stefano Iannucci},
  journal={Concurr. Comput. Pract. Exp.},
  year={2020},
  volume={32},
  url={https://api.semanticscholar.org/CorpusID:211264375}
}

@journal{Bentaleb2021,
  title={Containerization technologies: taxonomies, applications and challenges},
  author={Ouafa Bentaleb and Adam S. Z. Belloum and Abderrazak Sebaam and Abdelkrim Haqiq},
  journal={The Journal of Supercomputing},
  year={2022},
  doi={10.1007/s11227-021-03914-1},
}

@misc{zhang2018comparativestudycontainersvirtual,
  title={A Comparative Study of Containers and Virtual Machines in Big Data Environment}, 
  author={Qi Zhang and Ling Liu and Calton Pu and Qiwei Dou and Liren Wu and Wei Zhou},
  year={2018},
  eprint={1807.01842},
  archivePrefix={arXiv},
  primaryClass={cs.DC},
  url={https://arxiv.org/abs/1807.01842}, 
}

@article{rodriguezharo-2012,
  title = {A summary of virtualization techniques},
  author = {Fernando Rodríguez-Haro and Felix Freitag and Leandro Navarro and Efraín Hernánchez-sánchez and Nicandro Farías-Mendoza and Juan Antonio Guerrero-Ibáñez and Apolinar González-Potes},
  journal = {Procedia Technology},
  volume = {3},
  pages = {267-272},
  year = {2012},
  note = {The 2012 Iberoamerican Conference on Electronics Engineering and Computer Science},
  issn = {2212-0173},
  doi = {https://doi.org/10.1016/j.protcy.2012.03.029},
  url = {https://www.sciencedirect.com/science/article/pii/S2212017312002587},
}

@book{kerris2021,
  title = {The Linux Programming Interface},
  author = {Michael Kerrisk},
  year = {2021},
  publisher = {No Starch Press},
  isbn = {978-1-59327-220-3},
  url = {https://nostarch.com/tlpi}
}

@book{walsh2022,
  title = {Podman in Action},
  author = {Daniel Walsh},
  year = {2022},
  publisher = {Manning Publications},
  isbn = {978-1-63343-968-9},
  url = {https://developers.redhat.com/e-books/podman-action}
}

@book{huawei2023,
  title = {Cloud Computing Technology},
  author = {Huawei Techonologies Co., Ltd.},
  year = {2023},
  publisher = {Springer},
  isbn = {978-981-19-3026-3},
  doi = {10.1007/978-981-19-3026-3}
}


@misc{sarusso,
  title = {Software containers},
  subtitle = {Or, the definitive solution for escaping the dependency hell and ensuring scientific reproducibility},
  author = {Stefano Alberto Russo},
  year = {2024},
  url = {https://sarusso.github.io/files/Software%20containers%20intro%20and%20hands-on.pdf}
}

@inproceedings{Sharma2016,
  author = {Sharma, Prateek and Chaufournier, Lucas and Shenoy, Prashant and Tay, Y. C.},
  title = {Containers and Virtual Machines at Scale: A Comparative Study},
  year = {2016},
  isbn = {9781450343008},
  publisher = {Association for Computing Machinery},
  address = {New York, NY, USA},
  url = {https://doi.org/10.1145/2988336.2988337},
  doi = {10.1145/2988336.2988337},
  booktitle = {Proceedings of the 17th International Middleware Conference},
  articleno = {1},
  numpages = {13},
  location = {Trento, Italy},
  series = {Middleware '16}
}

@article{Li2023,
  author = {Li, Guoqing and Takahashi, Keichi and Ichikawa, Kohei and Iida, Hajimu and Nakasan, Chawanat and Leelaprute, Pattara and Thiengburanathum, Pree and Phannachitta, Passakorn},
  title = {The Convergence of Container and Traditional Virtualization: Strengths and Limitations},
  year = {2023},
  issue_date = {Apr 2023},
  publisher = {Springer-Verlag},
  address = {Berlin, Heidelberg},
  volume = {4},
  number = {4},
  url = {https://doi.org/10.1007/s42979-023-01827-9},
  doi = {10.1007/s42979-023-01827-9},
  journal = {SN Comput. Sci.},
  month = {may},
  numpages = {13},
  keywords = {Virtualization performance, runC&nbsp;container, Lightweight hypervisor, gVisor, Kata, Firecracker}
}


@inproceedings{Mohammadi2018,
  author = {Mohammadi, Mohammad and Bazhirov, Timur},
  title = {Comparative benchmarking of cloud computing vendors with high performance linpack},
  year = {2018},
  isbn = {9781450363372},
  publisher = {Association for Computing Machinery},
  address = {New York, NY, USA},
  url = {https://doi.org/10.1145/3195612.3195613},
  doi = {10.1145/3195612.3195613},
  booktitle = {Proceedings of the 2nd International Conference on High Performance Compilation, Computing and Communications},
  pages = {1–5},
  numpages = {5},
  keywords = {benchmarking, cloud computing, high performance computing, linpack},
  location = {Hong Kong, Hong Kong},
  series = {HP3C}
}

@article{Lima2017,
  author = {Stanley Lima and Alvaro Rocha and Licinio Roque},
  title = {An overview of OpenStack architecture: a message queuing services node},
  journal = {Cluster Comput},
  year = {2017},
  volume = {22},
  doi = {10.1007/s10586-017-1034-x},
  url = {https://link.springer.com/article/10.1007/s10586-017-1034-x}
}

@article{Singh2023,
  title={Load balancing and service discovery using Docker Swarm for microservice based big data applications},
  author={Neelam Singh and Yasir Hamid and Sapna Juneja and Gautam Srivastava and Gaurav Dhiman and Thippa Reddy Gadekallu and Mohd. Asif Shah},
  journal={Journal of Cloud Computing},
  year={2023},
  volume={12},
  pages={1-9},
  url={https://api.semanticscholar.org/CorpusID:255512111}
}

@article{Qu2016,
  title={Auto-Scaling Web Applications in Clouds: A Taxonomy and Survey},
  author={Chenhao Qu and Rodrigo Calheiros and Rajkumar Buyya},
  year={2016},
  month = {09},
  journal = {ACM Computing Surveys},
  volume = {51},
  doi = {10.1145/3148149}
}

@article{Brendan2016,
  title	= {Borg, Omega, and Kubernetes},
  author	= {Brendan Burns and Brian Grant and David Oppenheimer and Eric Brewer and John Wilkes},
  year	= {2016},URL	= {http://queue.acm.org/detail.cfm?id=2898444},
  journal	= {ACM Queue},
  pages	= {70--93},
  volume	= {14}
}

@article{Shafiq2022,
  title = {Load balancing techniques in cloud computing environment: A review},
  journal = {Journal of King Saud University - Computer and Information Sciences},
  volume = {34},
  number = {7},
  pages = {3910-3933},
  year = {2022},
  issn = {1319-1578},
  doi = {https://doi.org/10.1016/j.jksuci.2021.02.007},
  url = {https://www.sciencedirect.com/science/article/pii/S131915782100046X},
  author = {Dalia Abdulkareem Shafiq and N.Z. Jhanjhi and Azween Abdullah},
}

@article{Rodriguez2018,
  title={Container‐based cluster orchestration systems: A taxonomy and future directions},
  author={Maria Alejandra Rodriguez and Rajkumar Buyya},
  journal={Software: Practice and Experience},
  year={2018},
  volume={49},
  pages={698 - 719},
  url={https://api.semanticscholar.org/CorpusID:49867765}
}

@online{kdoc-rbac,
  title = {Kubernetes Documentation: Using RBAC Authorization},
  author = {Kubernetes Authors},
  url = {https://kubernetes.io/docs/reference/access-authn-authz/rbac/},
  urldate = {2024}
}

@online{openstakinstallationdoc,
  title = {Installing a cluster on OpenStack on your own infrastructure},
  author = {Red Hat authors},
  url = {https://docs.openshift.com/container-platform/4.16/installing/installing_openstack/installing-openstack-user.html},
  urldate = {2024}
}

@online{kdoc-installation,
  title = {Installing kubeadm},
  author = {Kubernetes Authors},
  url = {https://kubernetes.io/docs/setup/production-environment/tools/kubeadm/install-kubeadm},
  urldate = {2024}
}

@article{Ding2023,
  author={Ding, Zhijun and Wang, Song and Jiang, Changjun},
  journal={IEEE Transactions on Cloud Computing}, 
  title={Kubernetes-Oriented Microservice Placement With Dynamic Resource Allocation}, 
  year={2023},
  volume={11},
  number={2},
  pages={1777-1793},
  doi={10.1109/TCC.2022.3161900}
}

%%
%% Chapter 2
%%

@article{Kang2021,
  title={A Comprehensive Performance Evaluation of Different Kubernetes CNI Plugins for Edge-based and Containerized Publish/Subscribe Applications},
  author={Zhuangwei Kang and Kyoungho An and Aniruddha Gokhale and Paul N Pazandak},
  journal={2021 IEEE International Conference on Cloud Engineering (IC2E)},
  year={2021},
  pages={31-42},
  url={https://api.semanticscholar.org/CorpusID:244495920}
}

@article{Kapoius2020,
  title={OVERVIEW OF KUBERNETES CNI PLUGINS PERFORMANCE},
  author={Narūnas Kapočius},
  journal={Mokslas - Lietuvos ateitis},
  year={2020},
  url={https://api.semanticscholar.org/CorpusID:212700649}
}

@article{Koukis2024,
  title={Performance Evaluation of Kubernetes Networking Approaches across Constraint Edge Environments},
  author={Georgios Koukis and Sotiris Skaperas and Ioanna Angeliki Kapetanidou and Lefteris Mamatas and Vassilis Tsaoussidis},
  journal={ArXiv},
  year={2024},
  volume={abs/2401.07674},
  url={https://api.semanticscholar.org/CorpusID:266999338}
}

@online{redhat-cni,
  title = {A brief overview of the Container Network Interface (CNI) in Kubernetes},
  author = {Kedar Vijay Kulkarni},
  url = {https://www.redhat.com/sysadmin/cni-kubernetes},
  urldate = {2024}
}

@online{calicodoc,
  title = {Component architecture},
  subtitle = {Calico components},
  author = {Tigera Authors},
  url = {https://docs.tigera.io/calico/latest/reference/architecture/overview},
  urldate = {2024}
}

@misc{BGPnistdef,
  author = {D. Richard Kuhnand Kotikalapudi Sriram and Douglas Montgomery},
  title = {Border Gateway Protocol Security},
  year = {2007},
  publisher = {Special Publication (NIST SP), National Institute of Standards and Technology, Gaithersburg, MD},
  language = {en},
}

@online{flannel-github,
  author = {Flannel's project maintainers},
  title = {Flannel documentation},
  subtitle = {Flannel: A simple and easy way to configure a layer 3 network fabric designed for Kubernetes},
  url = {https://github.com/flannel-io/flannel},
  ulrdate = {2024}
}

@misc{VXLANnistdef,
  author = {Ramswamy Chandramouli},
  title = {Secure VIrtual Network Configuration for Virtual Machine (VM) Protection},
  year = {2016},
  publisher = {Special Publication (NIST SP), National Institute of Standards and Technology, Gaithersburg, MD},
  language = {en},
  url = {http://dx.doi.org/10.6028/NIST.SP.800-125B}
}

@inproceedings{Hedam2021,
  title={eBPF - From a Programmer’s Perspective},
  author={Niclas Hedam},
  year={2021},
  url={https://api.semanticscholar.org/CorpusID:231835053}
}

@article{Sharaf2022,
  author={Sharaf, Husain and Ahmad, Imtiaz and Dimitriou, Tassos},
  journal={IEEE Access}, 
  title={Extended Berkeley Packet Filter: An Application Perspective}, 
  year={2022},
  volume={10},
  pages={126370-126393},
  doi={10.1109/ACCESS.2022.3226269}
}

@online{ciliumdoc-components,
  author = {Cilium Authors},
  title = {Cilium documentation},
  subtitle = {Component Overview},
  url = {https://docs.cilium.io/en/stable/overview/component-overview/},
  urldate = {2024}
}

@online{ciliumdoc-envoy,
  author = {Cilium Authors},
  title = {Cilium documentation},
  subtitle = {Envoy},
  url = {https://docs.cilium.io/en/stable/security/network/proxy/envoy/},
  urldate = {2024}
}


%%
%% Chapter 3
%%

@manual{mpi41,
  author = "{Message Passing Interface Forum}",
  title  = "{MPI}: A Message-Passing Interface Standard Version 4.1",
  url    = "https://www.mpi-forum.org/docs/mpi-4.1/mpi41-report.pdf",
  year   = 2023,
  month  = nov
}

@online{osu,
  author = {Dhabaleswar Panda},
  title = {MVAPICH: MPI over InfiniBand, Omni-Path, Ethernet/iWARP, RoCE, and Slingshot},
  url = {https://mvapich.cse.ohio-state.edu/benchmarks/},
  urldate = {2024}
}

@online{kdoc-topologyconstraints,
  title = {Pod Topology Spread Constraints},
  author = {Kubernetes Authors},
  url =  {https://kubernetes.io/docs/concepts/scheduling-eviction/topology-spread-constraints/},
  urldate = {2024}
}

@online{kubeflow-mpioperator,
  author = {Yuan Tang and Wei Yan and Rong Ou},
  title = {Introduction to Kubeflow MPI Operator and Industry Adoption},
  url = {https://blog.kubeflow.org/integrations/operators/2020/03/16/mpi-operator.html},
  urldate = {2024}
}

@online{redhat-mpioperator,
  author = {Erik Jacobs},
  title = {How to use Kubeflow and the MPI Operator on OpenShift},
  url = {https://www.redhat.com/en/blog/how-to-use-kubeflow-and-the-mpi-operator-on-openshift},
  urldate = {2024}
}


%%
%% Chapter 4
%%

@ARTICLE{Dalcin2021,
  author={Dalcin, Lisandro and Fang, Yao-Lung L.},
  journal={Computing in Science \& Engineering}, 
  title={mpi4py: Status Update After 12 Years of Development}, 
  year={2021},
  volume={23},
  number={4},
  pages={47-54},
  keywords={Python;Graphics processing units;High performance computing;Semantics;Programming;Task analysis},
  doi={10.1109/MCSE.2021.3083216}
}


@INPROCEEDINGS{bohm2020,
  author={{B{\"o}hm}, Stanislav and Beránek, Jakub},
  booktitle={2020 IEEE/ACM Workflows in Support of Large-Scale Science (WORKS)}, 
  title={Runtime vs Scheduler: Analyzing Dask’s Overheads}, 
  year={2020},
  volume={},
  number={},
  pages={1-8},
  keywords={Task analysis;Servers;Python;Runtime;Libraries;Programming;Computer architecture;distributed task scheduling;dask;workflow;rust},
  doi={10.1109/WORKS51914.2020.00006}
}

@online{daskdoc-array,
  author = {Dask Developers},
  title = {Dask Documentation: Array},
  url = {https://docs.dask.org/en/stable/array.html},
  urldate = {2024}
}

@online{daskdoc-dataframe,
  author = {Dask Developers},
  title = {Dask Documentation: DataFrame},
  url = {https://docs.dask.org/en/stable/dataframe.html},
  urldate = {2024}
}

@online{Rocklinblog,
  author = {Matthew Rocklin},
  title = {Dask Benchmarks},
  url = {https://blog.dask.org/2017/07/03/scaling},
  urldate = {2024}
}

@online{kdoc-resources,
  author = {Kubernetes Authors},
  title = {Managing Compute Resources for Pods and Containers},
  url = {https://kubernetes.io/docs/concepts/configuration/manage-resources-containers/},
  urldate = {2024}
}

%%
%% Appendix A
%%


@misc{intel-imb,
  title = {Intel® MPI Benchmarks User Guide},
  subtitle = {IMB-P2P Benchmarks},
  author = {Intel Corporation},
  url = {https://www.intel.com/content/www/us/en/docs/mpi-library/user-guide-benchmarks/2021-2/imb-p2p-benchmarks.html},
  year = {2024}
}


%%
%% Nice book to mention
%%

@book{vyas2022,
  title = {Core Kubernetes},
  author = {Jay Vyas and Chris Love},
  year = {2022},
  publisher = {Manning Publications Co.},
  isbn = {978-1-61729-755-7},
}